@misc{milneANT,
author={Milne, James S.},
title={Algebraic Number Theory (v3.01)},
year={2008},
note={Available at www.jmilne.org/math/},
pages={155+viii}
}
